@inproceedings{Enck:Gilbert:Chun:Cox:Jung:McDaniel:Sheth:OSDI10,
 author = {Enck, William and Gilbert, Peter and Chun, Byung-Gon and Cox, Landon P. and Jung, Jaeyeon and McDaniel, Patrick and Sheth, Anmol N.},
 title = {{TaintDroid: An Information-flow Tracking System for Realtime Privacy Monitoring on Smartphones}},
 booktitle = {Proc. of the 9th USENIX Conference on Operating Systems Design and Implementation (OSDI'10)},
 year = {2010},
 pages = {1--6},
} 

